@article{GERDA2013,
      author         = "Agostini, M. and others",
      COMtitle          = "{Results on Neutrinoless Double-$\beta$
                  Decay of $^{76}$Ge from Phase I of the GERDA
                  Experiment}",
      collaboration  = "GERDA",
      journal        = "Phys.~Rev.~Lett.",
      number         = "12",
      volume         = "111",
      pages          = "122503",
      year           = "2013",
}
@article{KamLANDZen2013,
      author         = "Gando, A. and others",
      COMtitle          = "{Limit on Neutrinoless $\beta\beta$ Decay
                  of $^{136} $Xe from the First Phase of KamLAND-Zen
                  and Comparison with the Positive Claim in
                  $^{76}$Ge}",
      collaboration  = "KamLAND-Zen",
      journal        = "Phys.~Rev.~Lett.",
      number         = "6",
      volume         = "110",
      pages          = "062502",
      year           = "2013",
}
@article{EXO2014,
      author         = "Albert, J.B. and others",
      COMtitle          = "{Search for Majorana neutrinos with the
                  first two years of EXO-200 data}",
      collaboration  = "EXO-200",
      journal        = "Nature",
      volume         = "510",
      COMpages          = "229-234",
      pages          = "229",
      year           = "2014",
}
@article{CUORE2015,
      author         = "Alfonso, K. and others",
      COMtitle          = "{Search for Neutrinoless Double-Beta Decay of
                  $^{130}$Te with CUORE-0}",
      collaboration  = "CUORE",
      journal        = "Phys.~Rev.~Lett.",
      volume         = "115",
      year           = "2015",
      number         = "10",
      pages          = "102502",
      COMdoi            = "10.1103/PhysRevLett.115.102502",
      COMeprint         = "1504.02454",
}
@article{Aberle2014,
  author={Aberle, C. and Elagin, A. and Frisch, H. J. and Wetstein,
                  M. and Winslow, L.},
  COMtitle={{Measuring directionality in double-beta decay and
                  neutrino interactions with kiloton-scale
                  scintillation detectors}},
  journal={J.~Instrum.},
  volume={9},
  number={06},
  pages={P06012},
  COMurl={http://stacks.iop.org/1748-0221/9/i=06/a=P06012},
  year={2014},
}
@article{Luty1992,
  COMtitle = {Baryogenesis via leptogenesis},
  author = {Luty, Markus A.},
  journal = {Phys.~Rev.~D},
  volume = {45},
  issue = {2},
  COMpages = {455--465},
  pages = {455},
  year = {1992},
}

@ARTICLE{Biller2013,
   author = {{Biller}, S.~D.},
    COMtitle = "{Probing Majorana neutrinos in the regime of the normal
                  mass hierarchy}",
  journal = {Phys.~Rev.~D},
COMarchivePrefix = "arXiv",
   COMeprint = {1306.5654},
     year = 2013,
    month = apr,
   volume = 87,
   number = 7,
      eid = {071301},
    pages = {071301},
      COMdoi = {10.1103/PhysRevD.87.071301},
}